<record><leader>00000cas a22000007a 4500</leader><controlfield tag="001">12377154</controlfield><controlfield tag="008">850813d18781892mauwr ne      0    0eng  </controlfield><controlfield tag="009">466</controlfield><datafield ind1=" " ind2=" " tag="010"><subfield code="a">sn 85042416 </subfield></datafield><datafield ind1=" " ind2=" " tag="040"><subfield code="a">DLC</subfield><subfield code="b">eng</subfield><subfield code="c">DLC</subfield><subfield code="d">MGN</subfield></datafield><datafield ind1="1" ind2=" " tag="029"><subfield code="a">AU@</subfield><subfield code="b">000025820777</subfield></datafield><datafield ind1=" " ind2=" " tag="042"><subfield code="a">msc</subfield></datafield><datafield ind1="0" ind2="0" tag="050"><subfield code="a">Newspaper 8160-X</subfield></datafield><datafield ind1="0" ind2="4" tag="245"><subfield code="a">The Bunker Hill times Charlestown advertiser.</subfield></datafield><datafield ind1="1" ind2="0" tag="246"><subfield code="a">Bunker Hill times and Charlestown advertiser</subfield></datafield><datafield ind1="1" ind2="3" tag="246"><subfield code="a">Bunker Hill times</subfield></datafield><datafield ind1=" " ind2=" " tag="260"><subfield code="a">Boston, C.D. [Charlestown District, Mass.] :</subfield><subfield code="b">Henry Hunt &amp; Co.,</subfield></datafield><datafield ind1=" " ind2=" " tag="300"><subfield code="a">v. :</subfield><subfield code="b">ill. ;</subfield><subfield code="c">67 cm.</subfield></datafield><datafield ind1=" " ind2=" " tag="310"><subfield code="a">Weekly</subfield></datafield><datafield ind1="0" ind2=" " tag="362"><subfield code="a">Vol. 6, no. 52 (Nov. 2, 1878)-   ;    -v. 8, no. 35 (July 16, 1892).</subfield></datafield><datafield ind1=" " ind2=" " tag="500"><subfield code="a">Published as: Bunker Hill times, &lt;Dec. 10, 1881&gt;; &lt;June 26, 1886&gt;; Bunker Hill times and Charlestown advertiser, &lt;Jan. 3, 1891&gt;-1892.</subfield></datafield><datafield ind1=" " ind2=" " tag="515"><subfield code="a">Issues for &lt;Jan. 3, 1891&gt;-1892 called also &lt;41st&gt;-42nd year.</subfield></datafield><datafield ind1=" " ind2=" " tag="752"><subfield code="a">United States</subfield><subfield code="b">Massachusetts</subfield><subfield code="c">Suffolk</subfield><subfield code="d">Boston.</subfield></datafield><datafield ind1=" " ind2=" " tag="752"><subfield code="a">United States</subfield><subfield code="b">Massachusetts</subfield><subfield code="c">Suffolk</subfield><subfield code="d">Charlestown.</subfield></datafield><datafield ind1="0" ind2="4" tag="780"><subfield code="t">Bunker Hill times (Boston, Mass. : 1873)</subfield><subfield code="w">(DLC)sn 83020155</subfield></datafield><datafield ind1="0" ind2="4" tag="780"><subfield code="t">Charlestown advertiser (Charlestown, Mass.)</subfield><subfield code="w">(DLC)sn 83020144</subfield></datafield><datafield ind1="0" ind2="0" tag="785"><subfield code="t">Bunker Hill times (Boston, Mass. : 1892)</subfield><subfield code="w">(DLC)sn 91057068</subfield></datafield></record>